
@book{Song:2014,
	Author = {Yongpei Song and Liming Duanmu},
	Publisher = {Sichuan Dictionary Publishing House},
	Title = {Chinese Idioms Dictionary (New Edition)(Chinese Edition)},
	Year = {2014}}

@book{Duden:2008,
	Publisher = {Dudenverlag},
	Author = {Werner Scholze-Stubenrecht and Wolfgang Worsch},
	Title = {Redewendungen: Wörterbuch der deutschen Idiomatik},
	Year = {2008}}

@book{Seco:2004,
	Author = {M. Seco and O. Andr\'{e}s and G. Ramos},
	Title = {Diccionario Fraseologico Documentado del Español Actual: Locuciones y Modismos Españoles (Spanish Edition)},
	Publisher = {Aguilar},
	Year = {2004}}

@incollection{mahlow:2013,
  author = {Juska-Bacher, Britta and Mahlow, Cerstin and Quassdorf, Sixta},
  publisher = {peniope},
  booktitle = {La fraseologia del alem{a}n y espa~{n}ol: lexicograf{i}a y traducci{o}n},	
  title = {{Vergleich nominaler phraseologischer Komponenten im Deutschen und Spanischen mit computerlinguistischen Werkzeugen}},
  year = {2013}
}